<?xml version="1.0" encoding="UTF-8"?><record xmlns="http://www.loc.gov/MARC21/slim" xmlns:cinclude="http://apache.org/cocoon/include/1.0" xmlns:zs="http://www.loc.gov/zing/srw/">
  <leader>00717cz  a2200157n  4500</leader>
  <controlfield tag="001">no2003081091</controlfield>
  <controlfield tag="003">DLC</controlfield>
  <controlfield tag="005">20130322094837.0</controlfield>
  <controlfield tag="008">030813n| azannaabn          |a aaa     c</controlfield>
  <datafield tag="010" ind1=" " ind2=" ">
    <subfield code="a">no2003081091</subfield>
  </datafield>
  <datafield tag="035" ind1=" " ind2=" ">
    <subfield code="a">(OCoLC)oca06125662</subfield>
  </datafield>
  <datafield tag="040" ind1=" " ind2=" ">
    <subfield code="a">OCU-Mu</subfield>
    <subfield code="b">eng</subfield>
    <subfield code="e">rda</subfield>
    <subfield code="c">OCU-Mu</subfield>
    <subfield code="d">DLC</subfield>
  </datafield>
  <datafield tag="100" ind1="1" ind2=" ">
    <subfield code="a">Weber, Carl Maria von,</subfield>
    <subfield code="d">1786-1826.</subfield>
    <subfield code="t">Melodie ohne Begleitung;</subfield>
    <subfield code="o">arranged</subfield>
  </datafield>
  <datafield tag="400" ind1="1" ind2=" ">
    <subfield code="w">nnea</subfield>
    <subfield code="a">Weber, Carl Maria von,</subfield>
    <subfield code="d">1786-1826.</subfield>
    <subfield code="t">Melodie ohne Begleitung;</subfield>
    <subfield code="o">arr.</subfield>
  </datafield>
  <datafield tag="400" ind1="1" ind2=" ">
    <subfield code="a">Weber, Carl Maria von,</subfield>
    <subfield code="d">1786-1826.</subfield>
    <subfield code="t">Melody,</subfield>
    <subfield code="m">clarinet, piano,</subfield>
    <subfield code="r">F major</subfield>
  </datafield>
  <datafield tag="670" ind1=" " ind2=" ">
    <subfield code="a">Weber, C.M. von. Kammermusik mit Klarinette [SR] p2002:</subfield>
    <subfield code="b">insert (Melodie fuĚr Klarinette und Klavier; originally for clarinet solo, piano acc. by F.W. JaĚhns published in 1872)</subfield>
  </datafield>
</record>